2856 4620
1196 215 1258 280 111
1298 180 1304 193 '

471 214 580 269 LIBER
597 215 632 270 II.
669 213 746 270 OAP.
766 219 879 270 53-56.

93 385 132 463 in·
148 381 254 442 urbem
277 390 379 442 vectus
400 399 511 460 paucos
529 389 598 460 post
616 381 678 441 dies
697 384 782 442 iussu
799 380 906 442 Vitellii
923 400 1034 460 poenas
1053 381 1120 442 luit:
1144 390 1258 443 senato·

92 489 162 532 rum
183 471 350 550 pericnlum
373 477 492 530 auctum
516 469 705 553 credentibus
729 469 904 531 Othonianis
926 470 1069 531 militibus
1092 489 1161 530 vera
1184 489 1259 552 esse,

92 577 170 638 qnae
198 558 415 620 adferebantur.
464 558 637 619 intendebat
663 557 865 642 formidinem,
897 559 988 638 quod·
1005 558 1117 638 publici
1144 560 1260 620 consilii

89 649 169 709 facie
201 647 365 708 discessum
388 646 500 709 Mutina
531 647 725 726 desertaeque
752 655 853 727 partes
880 648 986 708 lorent.
1039 667 1094 708 nec
1122 648 1200 709 ultra
1228 651 1259 709 in
1278 658 1313 707 10

89 754 249 797 commune
277 738 429 815 congressi
457 735 514 796 sibi
542 739 667 815 quisque
693 736 859 817 consulere,
882 737 976 797 donec
1000 739 1107 797 missae
1132 755 1148 796 a
1170 736 1260 797 Fabio

89 825 214 886 Valente
237 825 380 905 epistulae
403 826 558 886 demerent
580 834 700 886 metum.
747 834 777 885 et
800 843 880 885 mors
899 825 1025 886 Othonis
1050 843 1108 904 quo
1130 825 1260 886 landabi-

89 914 163 995 lior,
186 931 221 973 eo
244 914 375 974 velocius
398 914 505 974 audita.

180 1003 218 1063 At
239 1003 349 1063 Romae
376 1002 450 1063 nihil
476 1003 693 1083 trepidationis3
721 1001 850 1063 Ceriales
878 1002 941 1063 ludi
969 1020 1004 1062 ex
1033 1020 1115 1062 more
1147 1012 1259 1082 specta·
1272 999 1316 1065 55

88 1091 211 1151 bantur.
256 1101 289 1152 ut
312 1091 455 1152 cecidisse
479 1089 627 1150 Othonem
649 1100 680 1152 et
702 1110 718 1151 a
741 1090 839 1152 Flavio
859 1090 968 1151 Sabino
991 1091 1142 1170 praelecto
1166 1091 1259 1172 urbis,

91 1179 174 1260 quod
197 1189 259 1240 erat
276 1183 309 1240 in
326 1178 401 1240 urhe
420 1178 556 1259 militum,
580 1187 764 1241 sacramento
783 1178 891 1240 Vitellii
910 1179 1047 1241 adactum
1066 1182 1141 1241 certi
1159 1187 1259 1240 aucto·

88 1287 140 1329 res
168 1270 199 1329 in
226 1269 375 1329 theatrum
403 1268 586 1348 adtulerunt,
610 1266 725 1329 Vitellio
749 1268 899 1349 plausere3
926 1269 1055 1348 populus
1083 1287 1151 1329 cum
1173 1268 1260 1330 lauru

89 1375 123 1417 ac
147 1356 271 1417 floribus
295 1357 402 1418 Galbae
425 1359 568 1436 imagines
591 1359 705 1418 circum
728 1357 836 1437 templa
860 1358 940 1438 tulit,
972 1359 1121 1437 congestis
1144 1360 1175 1418 in
1199 1366 1295 1418 mo-tt

90 1446 163 1507 dum
186 1446 292 1508 tumuli
315 1447 434 1506 coronis
457 1449 539 1506 iuxta
562 1447 659 1506 lacum
677 1446 770 1526 Curti,
794 1464 883 1525 quem
904 1447 1003 1507 locum
1023 1446 1112 1507 Galba
1129 1449 1260 1507 moriens

90 1536 235 1613 sanguine
262 1536 414 1596 infecerat.
459 1537 490 1594 in
519 1543 624 1596 senatu
647 1544 755 1596 cuncta
777 1535 873 1614 longis
895 1536 1021 1596 aliorum
1043 1535 1259 1615 principatibus

93 1625 258 1703 composita
288 1625 386 1684 statim
416 1623 634 1703 decernuntur3
664 1623 779 1683 additae
810 1641 880 1703 erga
910 1624 1118 1685 Germanicum
1148 1627 1259 1685 exerci-

93 1720 153 1773 tum
189 1711 291 1772 laudes
324 1719 482 1791 gratesque
511 1724 540 1773 et
568 1714 657 1772 missa
684 1711 803 1792 legatio,
837 1730 911 1791 quae
942 1713 1048 1790 gaudio
1069 1713 1259 1791 iungeretur.

93 1803 230 1862 recitatae
254 1800 336 1862 Fabii
358 1799 487 1861 Valentis
515 1798 657 1880 epistulae
681 1799 717 1860 ad
741 1800 879 1860 consules
903 1802 1030 1879 scriptae
1053 1800 1132 1860 haud
1154 1802 1257 1861 immo·
1277 1809 1312 1857 10

90 1889 205 1951 deratc:
228 1892 338 1968 gratior
363 1882 503 1950 Caecinae
528 1888 765 1968 malesuasus,
789 1888 868 1968 quod
892 1907 950 1949 non
974 1890 1151 1967 scripsisset.

178 1977 318 2039 Ceterum
340 1977 423 2038 ltalia
450 1980 568 2056 gravius
598 1986 686 2056 atque
714 1980 845 2037 atrocius
874 1996 961 2056 quam
989 1976 1067 2038 hello
1092 1975 1312 2040 adflictam-56

88 2074 146 2127 tur.
195 2067 322 2154 dispersi
349 2085 403 2146 per
431 2068 591 2146 municipia
614 2074 645 2125 et
668 2061 797 2127 colonias
821 2065 970 2126 Vitelliani
992 2065 1120 2146 spoliare
1144 2084 1258 2148 rapere,

119 2333 144 2382 0.
168 2327 276 2395 publici
293 2327 401 2381 consilii
419 2325 501 2397 facie]
524 2325 544 2380 i.
563 2343 586 2381 e.
605 2326 648 2381 ita

80 2402 117 2454 ut
129 2398 166 2452 de
181 2397 288 2466 publici
301 2397 411 2452 consilii
424 2396 564 2452 sententia
579 2397 607 2465 (1.
623 2414 646 2452 e.

81 2488 118 2526 ex
143 2469 222 2535 Sata)
249 2467 358 2523 Mutina
385 2467 543 2523 discessisse
569 2468 646 2523 vide-

82 2543 190 2595 rentur.

120 2617 163 2666 10.
191 2611 225 2664 in
242 2609 389 2681 communae]
409 2628 430 2664 s.
449 2629 483 2664 zu
501 2611 522 2678 Ι,
542 2616 584 2678 21,
604 2617 645 2665 tc.

125 2706 166 2753 12.
182 2699 326 2782 epistulae]
347 2718 367 2753 s.
386 2717 421 2753 au
438 2700 459 2767 I,
479 2704 522 2787 67,
543 2705 565 2754 i.

121 2913 169 2970 55.
191 2921 215 2968 1.
231 2912 348 2967 Ceriales
361 2911 433 2982 inde]
449 2911 501 2966 Die
517 2910 645 2977 Cerialia,

83 2984 114 3039 in
151 2984 355 3038 unbekannter·
378 2982 440 3037 Zeit
471 2982 645 3050 eatstandem

83 3054 201 3110 wurden
218 3055 357 3109 1111441.
372 3053 436 3108 chr.
450 3070 506 3108 von
519 3054 574 3108 den
590 3070 646 3108 von

83 3124 189 3182 Caesar
206 3125 394 3195 eingeeetzten
412 3126 511 3179 aediles
528 3124 646 3179 Ceriales

82 3196 336 3253 veranstaltetund
344 3196 399 3250 den
409 3194 591 3250 Calendarien
599 3214 644 3249 zu-

82 3268 162 3337 fulge
175 3284 241 3323 vom
255 3265 353 3322 121111
368 3272 409 3320 19.
422 3266 504 3335 April
519 3265 645 3337 gesneri,

83 3343 143 3395 eret
165 3355 213 3393 am
234 3339 338 3392 letaten
361 3338 437 3406 Tage
462 3337 516 3392 mit
539 3335 644 3391 Circus·

84 3410 202 3480 spielen.
239 3409 303 3480 Vgl.
321 3409 355 3462 A.
373 3408 434 3475 XV,
452 3414 495 3464 53.
516 3415 557 3462 74.
595 3408 646 3462 01.

83 3479 335 3547 festinastis.

121 3559 147 3607 2.
176 3551 295 3606 Flavias
318 3551 452 3616 Sabinas,
478 3548 646 3618 Vespasians

83 3624 189 3678 hlberar
206 3622 319 3678 Bruder.

121 3700 147 3752 3.
164 3693 409 3767 qnod-militnm]
424 3698 588 3759 11111144,
604 3696 644 3747 18.

119 3787 290 3838 sacramento
309 3782 423 3854 Vitellii]
444 3800 465 3836 s.
484 3800 518 3835 ru
535 3781 557 3846 Ι,
575 3788 600 3849 5,
620 3785 644 3835 1.
679 3856 682 3863 ¹

121 3878 145 3927 ὃ.
165 3871 308 3944 congestis]
328 3889 349 3926 s.
368 3890 402 3925 zu
419 3872 442 3938 Ι,
460 3877 502 3939 20,
522 3876 547 3924 4.

120 3968 145 4017 6.
166 3962 257 4016 laeam
276 3960 368 4031 Onrli]
391 3979 410 4015 s.
430 3978 464 4014 zu
481 3960 503 4026 Ι,
522 3965 565 4028 41,
584 3965 608 4013 5.

121 4057 146 4106 ⁷.
170 4050 314 4120 infecerat]
337 4050 394 4118 vgl.
418 4049 484 4104 Sall.
507 4048 571 4117 lug.
594 4052 643 4101 101

82 4122 183 4177 barnas
201 4121 304 4189 insecta
321 4122 462 4190 sanquine.

120 4192 231 4262 11111111]
243 4191 328 4247 nami.
338 4191 383 4246 die
393 4191 468 4246 Titel
478 4190 579 4246 Caesar
587 4189 645 4243 und

83 4264 242 4334 Augustus,
264 4262 310 4318 die
333 4262 531 4318 tribunicische
550 4263 644 4317 Amis-

84 4336 203 4405 gewalt‚
222 4334 272 4388 das
289 4333 440 4403 Imperium
458 4334 490 4402 (Ι,
509 4336 562 4401 47).

736 2326 835 2397 longis]
856 2346 876 2381 s.
895 2328 1012 2396 11111,
1031 2333 1056 2382 1.

736 2421 760 2469 0.
777 2416 832 2469 Zur
839 2414 1086 2484 Verbindungnon
1095 2417 1189 2471 landes
1203 2416 1260 2469 und

699 2492 789 2555 grates
804 2485 852 2541 bei
866 2487 931 2540 Tac.
945 2485 1002 2554 (IV,
1021 2492 1064 2551 39,
1084 2493 1108 2540 2.
1126 2489 1160 2540 Α.
1173 2487 1196 2555 J,
1216 2492 1259 2554 69,

700 2563 732 2681 Ξ..
744 2557 875 2696 111,Πέ917,
896 2558 949 2677 14)4
962 2557 1020 2626 vgl.
1043 2557 1203 2627 Nipperdey
1226 2576 1260 2612 nu

734 2717 837 2785 gandia
864 2716 946 2784 fanni
974 2715 1035 2779 ‘der
1060 2715 1260 2784 (pflichtechub

698 2787 793 2856 digen)
825 2787 932 2841 Frende
964 2786 1110 2840 Ausdruclr
1145 2785 1258 2855 geben'.

698 2858 751 2913 Die
769 2857 877 2917 Frende
895 2856 965 2911 wird
984 2856 1025 2911 als
1045 2856 1106 2911 eine
1124 2856 1259 2926 Leistung

699 2929 853 2999 angerem,
881 2928 986 2982 welche
1014 2926 1059 2982 die
1086 2928 1259 2998 Depntabion

699 3018 731 3054 zu
750 3000 940 3055 iibemehmen
958 3000 1015 3053 hat.
1053 2999 1116 3069 Vgl.
1135 3000 1168 3054 Α,
1185 2999 1258 3069 XIV,

699 3077 730 3126 21
769 3088 818 3125 nec
846 3072 961 3139 perinde
995 3073 1173 3140 mapistratns
1203 3088 1259 3125 rem

698 3144 863 3210 familiarem
885 3143 1064 3197 eabanstrrroe
1086 3148 1136 3196 ant
1154 3144 1259 3211 populo

699 3214 873 3282 efflauitancli
910 3213 1016 3268 Graeca
1055 3216 1205 3268 certamina
1241 3232 1259 3268 a

698 3285 904 3354 magistratibus
926 3301 1038 3339 cansam
1055 3285 1125 3350 fore,
1148 3301 1209 3339 anm
1229 3301 1258 3340 eo

698 3361 809 3425 snmptn
826 3371 868 3410 res
882 3356 999 3424 pnblica
1015 3355 1159 3423 fnnpatnr.

736 3468 777 3515 11.
792 3460 1017 3530 conscripsisset]
1032 3460 1070 3514 Es
1081 3477 1139 3514 war
1148 3460 1257 3515 damals

700 3532 772 3588 Silta
795 3532 955 3603 gervardam,
984 3531 1046 3584 dass
1071 3546 1166 3585 ausser
1193 3531 1257 3585 dem

700 3603 968 3672 Staaisoberhaupte
995 3601 1127 3656 niemand
1153 3617 1190 3655 an
1211 3600 1256 3656 die

699 3674 820 3729 Consuln
843 3674 910 3729 oder
933 3673 987 3728 (han
1010 3672 1096 3727 Sonat
1118 3671 1164 3726 ein
1186 3676 1256 3727 amt-

698 3746 785 3801 liohee
804 3744 956 3801 Schneiben
972 3743 1082 3799 richten
1100 3743 1198 3798 durite.

733 3958 792 4013 bii.-
802 3965 826 4012 1.
840 3956 941 4012 Hister·
950 3957 1041 4012 Italia
1051 3956 1102 4013 h‘at
1116 3956 1164 4011 der
1172 3956 1257 4012 Leser

699 4030 752 4085 den
764 4029 918 4099 Gegensatz
931 4046 966 4082 zu
979 4029 1046 4082 bello
1060 4047 1094 4083 zu
1107 4033 1256 4099 arginaen:

697 4103 755 4156 iam
767 4102 886 4170 inpare.
913 4099 1005 4153 Haase
1019 4099 1128 4155 schiebt
1141 4102 1257 4155 viatoria

697 4172 791 4227 hister
809 4172 929 4226 atracias
947 4169 1001 4224 ein.

729 4258 935 4329 adflictabatur]
946 4257 1256 4327 ‘wurdeheimgesucht

696 4329 852 4398 betroffen',
871 4329 924 4384 wie
942 4329 990 4398 ΙΠ,
1010 4335 1050 4384 18.
1069 4330 1102 4383 Α.
1121 4330 1195 4397 ΧΙΠ,
1213 4333 1255 4383 30.
