2890 4618
219 239 280 308 150
605 237 731 294 ΤΑΟΙΤΙ
753 236 1008 293 Hrsuunmuun
1062 262 1067 273 =
1149 258 1153 261 ⁸

217 395 385 456 cohortium
422 392 595 474 alarumque
620 393 686 455 'lusi
715 395 907 455 Garamantes
935 402 964 453 et
992 401 1112 474 recepta
1142 396 1235 456 omnis
1259 395 1362 474 praeda,

217 480 278 540 nisi
306 496 395 558 quam
424 480 490 557 vagi
520 497 577 558 per
604 479 755 538 inaccessa
778 478 937 557 mapalium
967 477 1158 540 ulterioribus
1181 478 1363 540 vendiderant.

165 561 205 626 51
301 566 339 624 At
360 563 543 642 Vespasiano
565 570 633 640 post
656 559 887 624 Cremonensem
911 580 1040 642 pugnam
1064 572 1094 623 et
1116 580 1270 642 prosperos
1290 564 1363 623 undi-

216 664 275 726 quc
319 647 438 710 nuntios
479 648 624 708 cecidisse
659 645 811 707 Vitellium
853 645 939 709 multi
980 650 1128 723 cuiusque
1165 647 1278 708 ordinis
1310 650 1364 725 pari

216 731 341 793 audacia
371 732 550 812 fortunaque
578 731 740 793 hibernum
768 750 850 792 marc
878 729 1012 809 adgressi
1034 733 1215 805 nuntiavere.
1258 730 1364 791 aderant

216 815 306 894 legati
333 817 413 895 regis
442 815 582 894 Vologesi
609 816 805 896 quadraginta
832 818 917 877 milia
944 816 1122 877 Parthorum
1151 817 1279 896 equitum
1306 814 1363 874 olie-

179 906 325 962 srentes.
370 901 560 979 magnificum
582 896 752 979 laetumque
775 902 865 962 tantis
886 902 1037 961 sociorum
1061 900 1180 961 auxiliis
1202 897 1302 961 ambiri
1321 916 1362 959 ne·

167 982 185 1029 f
215 1000 273 1064 que
292 985 443 1064 indigere:
467 988 581 1062 gratiae
603 984 748 1063 Vologese
776 993 859 1046 actae
881 984 1129 1062 mandatumque,
1157 992 1191 1044 nt
1210 982 1315 1061 legatos
1333 982 1362 1041 ad

214 1075 351 1130 senatum
384 1071 516 1131 mitteret
548 1077 578 1131 et
607 1087 711 1148 pacem
741 1087 807 1129 esse
835 1070 935 1130 sciret.
990 1071 1188 1147 Vespasianus
1215 1071 1245 1128 in
1265 1062 1362 1128 ltaliam

213 1170 322 1233 resque
361 1152 447 1215 urbis
483 1155 617 1214 intentus
649 1153 802 1226 adversam
840 1152 877 1214 de
913 1153 1082 1214 Domitiano
1118 1154 1226 1213 lamam
1261 1151 1361 1229 accipit,

213 1246 365 1317 tamquam
398 1240 545 1299 terminos
577 1241 682 1299 aetatis
716 1246 747 1317 et
776 1255 918 1298 concessa
952 1239 1011 1299 lilio
1044 1236 1253 1314 egrederetur:
1287 1235 1361 1312 igitur

175 1333 200 1374 10
214 1319 423 1382 validissimam
452 1316 600 1382 exereitus
627 1330 743 1400 partem
771 1321 838 1383 Tito
861 1320 953 1382 tradit
981 1321 1018 1382 ad
1040 1321 1155 1400 reliqua
1178 1320 1286 1382 ludaici
1306 1316 1362 1378 belli

213 1406 426 1484 perpetranda.
473 1418 477 1421 “
1412 1442 1413 1515 p

164 1483 210 1561 52
298 1489 412 1559 Titum,
438 1498 593 1570 antequam
618 1490 840 1567 digrederetur,
869 1487 962 1551 multo
990 1488 1074 1570 apud
1096 1497 1213 1569 patrem
1242 1503 1360 1548 sermone

213 1591 315 1634 orasse
351 1574 464 1643 lerunt,
508 1592 545 1634 ne
582 1576 805 1636 criminantium
847 1575 958 1635 nuntiis
997 1581 1112 1635 temere
1157 1572 1358 1638 accenderetur,

213 1659 422 1738 integrumque
444 1676 476 1719 se
499 1677 533 1719 ac
554 1658 729 1737 placabilem
757 1658 817 1719 filio
840 1654 1015 1736 praestaret.
1061 1675 1121 1718 non
1143 1657 1288 1735 legiones,
1313 1671 1359 1714 non

215 1742 324 1803 classes
354 1743 480 1822 perinde
513 1743 605 1807 suma
629 1744 749 1823 imperii
782 1745 967 1803 munimenta
1000 1760 1090 1823 quam
1123 1760 1278 1803 numerum
1302 1738 1360 1798 libe·
1412 1778 1413 1837 p

188 1835 337 1897 brorum;
371 1845 440 1887 nam
473 1828 584 1887 amicos
615 1836 751 1907 tempore
778 1828 903 1888 fortuna.
925 1826 1114 1907 cupidinibus
1141 1825 1295 1906 aliquando
1322 1828 1361 1883 aut

213 1911 367 1972 erroribus
399 1913 536 1973 imminui
570 1913 727 1973 transferri
759 1911 910 1972 desinere:
944 1928 1029 1971 suum
1064 1913 1176 1991 cuique
1209 1910 1359 1987 sanguinem

212 1994 423 2064 indiscretum,
457 1995 509 2055 sed
542 1995 669 2056 maxime
702 1995 902 2075 principibus,
936 2013 1062 2074 quorum
1094 1991 1260 2074 prosperis
1276 2001 1302 2053 et
1323 1989 1360 2050 alii

213 2078 366 2146 fruantur,
401 2078 524 2139 adversa
558 2079 594 2139 ad
627 2081 832 2141 iunctissimos
854 2080 1034 2158 pertineant.
1079 2097 1118 2139 ne
1147 2079 1287 2140 iratribus
1310 2074 1369 2154 qui·-

213 2160 282 2222 dem
317 2179 488 2227 mansuram
528 2163 734 2234 concordiam,
772 2167 803 2224 ni
836 2181 946 2241 parens
982 2162 1153 2241 exemplum
1187 2162 1359 2242 praebuisset.

176 2258 202 2297 10
216 2247 415 2325 Vespasianus
446 2245 525 2307 baud
559 2264 653 2326 aeque
686 2249 852 2309 Domitiano
880 2250 1032 2326 mitigatus
1063 2266 1153 2326 quam
1184 2244 1251 2309 Titl'
1272 2247 1360 2325 pietate

214 2331 361 2408 gaudens,
387 2331 466 2391 bono
490 2349 555 2391 esse
578 2329 676 2392 animo
698 2332 782 2395 iubet
803 2329 941 2413 belloque
969 2341 998 2392 et
1026 2334 1118 2392 armis
1145 2329 1359 2410 rempublicam

246 2533 288 2581 23.
302 2529 454 2608 cobortimn
479 2486 771 2613 auxiliarium(c.48].
821 2529 839 2588 i,
858 2529 1057 2608 eledeuntnr,
1086 2529 1119 2606 ut
1146 2529 1243 2598 piures
1267 2524 1359 2594 nuptias

158 2699 160 2701 .
193 2595 770 2720 1artatd‘idt,ftiittdtttt
796 2615 799 2621 ’
822 2595 1163 2733 multitidis:
1184 2671 1224 2726 n,
1241 2669 1280 2717 n.
1412 2682 1413 2709 ,

210 2729 305 2784 [leber
332 2729 377 2784 die
403 2730 511 2784 Bauart
537 2730 587 2786 der
615 2731 723 2786 Hiitten
748 2749 770 2785 s.
855 2731 889 2785 de
906 2730 1082 2800 Domitiano]
1108 2730 1169 2801 rgl.
1191 2737 1250 2786 c.2
1272 2724 1360 2795 stopo

212 2795 281 2855 Sall.
294 2796 355 2865 Ing.
369 2804 409 2861 18,
426 2803 452 2856 8.
486 2797 556 2850 Zum
573 2797 642 2858 Gen.
660 2798 717 2869 vgl.
735 2816 770 2852 zu
822 2804 846 2853 ct
859 2799 1008 2853 adulteriis
1018 2798 1259 2866 filiuocprincipis
1273 2792 1359 2867 apto.

211 2863 360 2931 111,4·2‚2.
396 2866 515 2920 Warum
532 2864 570 2919 ist
588 2865 633 2921 die
650 2866 770 2921 Verbin·
855 2872 880 2919 9.
896 2866 1050 2936 tamquam]
1072 2882 1094 2919 s.
1112 2874 1149 2920 zu
1165 2866 1224 2935 1,s
1251 2871 1273 2920 9.

212 2931 288 3001 dung
301 2932 449 2987 desselben
459 2933 513 2987 mit
525 2933 705 2989 ulterioribus
721 2950 770 2987 un-
858 2939 898 2986 11.
930 2934 1134 3013 perpetranda]
1171 2907 1359 2987 neclrklessisch

211 3000 361 3053 stattbaft?
822 3000 1071 3069 inrecuperanda:
1088 3003 1146 3069 vgl.
1164 3018 1200 3054 zu
1218 2999 1264 3064 ΙΠ,
1281 3002 1319 3062 64,
1332 2999 1351 3049 t.

245 3067 389 3122 ulteriores
415 3066 477 3121 sind
504 3068 549 3126 die
572 3069 670 3122 weiler
691 3068 771 3122 land·
857 3069 908 3123 52.
921 3074 945 3122 2.
962 3068 1186 3138 criminantium]
1206 3085 1226 3125 s.
1239 3065 1359 3138 nubib
1412 3104 1413 3139 ,

212 3132 343 3188 einw’drts
354 3133 384 3187 in
402 3133 453 3188 der
471 3135 580 3189 Sohnre
596 3135 772 3191 wchnenden
857 3141 880 3193 3.
898 3135 1004 3214 integer
1021 3134 1104 3213 ‘ohne
1122 3134 1293 3204 vorgefasste
1304 3129 1358 3182 bler-
1412 3158 1413 3171 κ

202 3199 336 3254 Hordea.
822 3219 880 3254 nun
906 3243 913 3263 ,
930 3202 1009 3256 mebi
1026 3206 1305 3271 voremgenommen'.

246 3266 621 3337 51.1.Ao]s.zu111,1a,
642 3276 665 3322 1.
856 3219 925 3338 fifio]
944 3264 1359 3337 Domitiano-nunaunt

245 3341 269 3390 3.
281 3334 416 3406 adpraei]
435 3336 581 3413 tamqnam
599 3353 663 3391 cum
680 3337 770 3391 flucti-
822 3342 942 3407 ergtnze
959 3342 992 3390 ct
1011 3353 1063 3390 cus
1080 3353 1124 3403 oe,
1141 3338 1196 3392 wie
1220 3351 1242 3394 ο,
1268 3339 1305 3398 58,
1326 3333 1357 3384 tl·

210 3401 264 3471 bus
280 3403 553 3474 tempesinbbusque
576 3403 711 3459 luctaturi
728 3421 769 3460 es·
821 3403 947 3472 Draeger
965 3402 1044 3472 Syni.
1062 3408 1078 3469 g
1097 3410 1154 3461 142.

210 3471 281 3525 sani.
855 3479 881 3527 e.
907 3471 1062 3541 aliqnando
1088 3472 1177 3526 ‘dena
1202 3469 1259 3523 und
1284 3478 1357 3522 wem,

244 3538 376 3606 adnant]
407 3539 596 3596 Alexandriae
631 3540 696 3609 (III,
726 3545 769 3594 48.
822 3539 1003 3596 manchmal’.

210 3604 260 3669 IV,
278 3609 333 3670 81).
748 3673 751 3679 ,
855 3606 1058 3676 diaecesim]
1079 3601 1358 3678 scilinaiiusdornut·

218 3673 424 3745 .4,egnitum]
449 3675 661 3744 sagittariorum
679 3675 769 3744 (suet.
856 3681 879 3729 t.
914 3673 1082 3728 indiscretus
1123 3663 1357 3748 ‘uncertrepnbchl
1412 3744 1413 3749 η

209 3739 294 3809 Vesp.
313 3743 349 3806 6).
819 3742 910 3797 wofiir
931 3741 996 3795 Tac.
1019 3743 1052 3794 A.
1077 3740 1131 3808 VI,
1157 3732 1358 3812 reiciendum
1412 3754 1413 3763 ¹

211 3813 269 3885 ..5·
286 3812 306 3865 t.
324 3823 351 3861 c.
369 3808 481 3886 ambiri]
494 3809 518 3886 ιί.
531 3826 555 3864 e.
573 3809 704 3878 precibus
722 3808 769 3863 cd·
820 3808 984 3878 gebrauchb
1012 3807 1075 3861 Von
1093 3807 1201 3863 electen
1216 3799 1358 3858 nusum
1412 3828 1413 3833 κ

210 3891 255 3937 m,
274 3874 307 3927 ut
318 3875 400 3927 tanta
417 3876 520 3930 cumba
532 3876 682 3946 acciperet,
701 3876 768 3931 Ger·
823 3877 874 3931 het
891 3876 942 3930 das
959 3873 1042 3929 Wort
1059 3874 1227 3929 nuerrro.

210 3940 329 4060 ιὸῗυξέῐ
343 3941 413 4062 ‘siph
430 3943 593 4064 unffirben
609 3961 644 3997 nu
654 3943 768 4002 'sehen’.
854 3947 880 3998 et
897 3942 1004 4065 oms.
1021 3959 1056 4022 uu
1072 3942 1211 4064 Ιῐὲ,ἱ)2,18ὲ
1227 4003 1295 4058 Μ
1305 3998 1357 4053 dem

213 4045 267 4124 biis
283 4137 288 4149 ι
304 4017 769 4156 nibrff‘naulrlll'lreloelll‘}
820 4016 1055 4161 vdiglageffl
1055 4026 1113 4131 1lle.
1131 4024 1197 4131 :lroel1
1214 4072 1246 4140 V,
1266 4075 1296 4125 60
1311 4065 1357 4131 LV·

211 4145 408 4260 :attan
429 4145 656 4274 siml'albidii’
671 4146 769 4265 titt:
820 4144 1166 4280 Vitellii-illidi&
1185 4182 1192 4196 ·
1211 4186 1218 4200 ·
1239 4147 1343 4195 ’Μ’
1405 4208 1413 4277 r

215 4272 299 4320 tatem
321 4271 449 4334 pluribus
475 4277 584 4342 nuptiis
609 4278 770 4332 ambirentur
798 4288 802 4295 “
855 4286 895 4335 10.
914 4280 1005 4348 pietas
1021 4278 1083 4332 hier
1101 4271 1306 4332 ‘Bmderliebet
